<record><leader>00000cas a2200000 a 4500</leader><controlfield tag="001">9398271</controlfield><controlfield tag="008">830411d19421942azudn ne      0   a0eng c</controlfield><datafield ind1=" " ind2=" " tag="010"><subfield code="a">sn 83025332 </subfield></datafield><datafield ind1=" " ind2=" " tag="040"><subfield code="a">NPV</subfield><subfield code="b">eng</subfield><subfield code="c">NPV</subfield><subfield code="d">UNP</subfield><subfield code="d">ANU</subfield><subfield code="d">DLC</subfield><subfield code="d">CNK</subfield><subfield code="d">CNW</subfield><subfield code="d">CVF</subfield><subfield code="d">DLC</subfield><subfield code="d">OCLCQ</subfield><subfield code="d">OCLCO</subfield></datafield><datafield ind1="1" ind2=" " tag="029"><subfield code="a">AU@</subfield><subfield code="b">000020265218</subfield></datafield><datafield ind1="0" ind2=" " tag="041"><subfield code="a">engjpn</subfield></datafield><datafield ind1=" " ind2=" " tag="042"><subfield code="a">pcc</subfield></datafield><datafield ind1=" " ind2=" " tag="043"><subfield code="a">n-us-az</subfield></datafield><datafield ind1="0" ind2="0" tag="050"><subfield code="a">Newspaper</subfield></datafield><datafield ind1="0" ind2="0" tag="245"><subfield code="a">Official daily press bulletin.</subfield></datafield><datafield ind1="1" ind2=" " tag="246"><subfield code="i">Sometimes published as:</subfield><subfield code="a">Official daily information bulletin</subfield></datafield><datafield ind1="1" ind2=" " tag="246"><subfield code="i">Sometimes published as:</subfield><subfield code="a">Press bulletin</subfield></datafield><datafield ind1="3" ind2="0" tag="246"><subfield code="a">Daily press bulletin</subfield></datafield><datafield ind1="1" ind2="7" tag="246"><subfield code="a">Official information bulletin</subfield><subfield code="f">June 19, 1942-</subfield></datafield><datafield ind1=" " ind2=" " tag="260"><subfield code="a">Poston, Ariz. :</subfield><subfield code="b">War Relocation Authority,</subfield><subfield code="c">1942.</subfield></datafield><datafield ind1=" " ind2=" " tag="300"><subfield code="a">v.</subfield></datafield><datafield ind1=" " ind2=" " tag="310"><subfield code="a">Daily (except Monday)</subfield></datafield><datafield ind1="0" ind2=" " tag="362"><subfield code="a">Vol. 2, no. 7 (June 19, 1942)-v. 3, no. 29 (Aug. 25, 1942).</subfield></datafield><datafield ind1="0" ind2=" " tag="490"><subfield code="a">Japanese camp papers</subfield></datafield><datafield ind1="8" ind2=" " tag="521"><subfield code="a">"Japanese camp relocation newspaper."</subfield></datafield><datafield ind1=" " ind2=" " tag="530"><subfield code="a">Available on microfilm from the Library of Congress, Photoduplication Service.</subfield></datafield><datafield ind1=" " ind2=" " tag="546"><subfield code="a">In English and Japanese.</subfield></datafield><datafield ind1=" " ind2="0" tag="650"><subfield code="a">Japanese Americans</subfield><subfield code="z">Arizona</subfield><subfield code="z">Poston</subfield><subfield code="v">Newspapers.</subfield></datafield><datafield ind1=" " ind2="0" tag="651"><subfield code="a">Poston (Ariz.)</subfield><subfield code="v">Newspapers.</subfield></datafield><datafield ind1=" " ind2="0" tag="651"><subfield code="a">Yuman County (Ariz.)</subfield><subfield code="v">Newspapers.</subfield></datafield><datafield ind1="1" ind2=" " tag="710"><subfield code="a">United States.</subfield><subfield code="b">War Relocation Authority.</subfield></datafield><datafield ind1=" " ind2=" " tag="752"><subfield code="a">United States</subfield><subfield code="b">Arizona</subfield><subfield code="c">Yuma</subfield><subfield code="d">Poston.</subfield></datafield><datafield ind1="0" ind2="0" tag="780"><subfield code="t">Official information bulletin</subfield><subfield code="w">(DLC)sn 83025348</subfield><subfield code="w">(OCoLC)9427429</subfield></datafield><datafield ind1="0" ind2="0" tag="785"><subfield code="t">Press bulletin (Poston, Ariz.)</subfield><subfield code="w">(DLC)sn 87062084</subfield><subfield code="w">(OCoLC)12012277</subfield></datafield></record>